@inproceedings{Wang2006,
author = {Wang, Y and Zhou, Lizhu and Feng, Jianhua},
booktitle = {International Conference on Data Mining},
title = {{Mining complex time-series data by learning Markovian models}},
url = {http://ieeexplore.ieee.org/xpls/abs\_all.jsp?arnumber=4053167},
year = {2006}
}

@article{Dumont2014,
author = {Dumont, Thierry},
eprint = {1109.0392},
issn = {00189448},
journal = {IEEE Transactions on Information Theory},
pages = {3196--3208},
title = {{Context tree estimation in variable length hidden Markov models}},
volume = {60},
year = {2014}
}

@article{Buhlmann1999,
author = {B\"{u}hlmann, P and Wyner, AJ},
issn = {0090-5364},
journal = {The Annals of Statistics},
month = apr,
number = {2},
pages = {480--513},
title = {{Variable length Markov chains}},
volume = {27},
year = {1999}
}

@article{Rabiner1989,
title={A tutorial on hidden Markov models and selected applications in speech recognition},
author={Rabiner, Lawrence},
journal={Proceedings of the IEEE},
volume={77},
number={2},
pages={257--286},
year={1989},
publisher={IEEE}
}

@article{Johnson2007,
title={Genome-wide mapping of in vivo protein-DNA interactions},
author={Johnson, David S and Mortazavi, Ali and Myers, Richard M and Wold, Barbara},
journal={Science},
volume={316},
number={5830},
pages={1497--1502},
year={2007},
publisher={American Association for the Advancement of Science}
}

@article{Sun2009,
title={Large-scale multiple testing under dependence},
author={Wenguang Sun and T. Tony Cai},
journal={J. R. Statist. Soc. B},
pages={393--424},
year={2009},
publisher={SERIES B Statistical Methodology}
}

@article{Zhang2008,
title={{Model-based Analysis of ChIP-Seq (MACS)}},
author={Yong Zhang, Tao Liu Clifford A Meyer, Jérôme Eeckhoute,
David S Johnson, Bradley E Bernstein, Chad Nusbaum, Richard M Myers, Myles Brown, Wei Li and X Shirley Liu},
url={http://genomebiology.com/2008/9/9/R137},
year={2008}
}

@article{Spyrou2009,
title={{BayesPeak: Bayesian analysis of ChIP-seq data}},
author={Spyrou C, Stark R, Lynch AG, Tavare S},
url={http://www.biomedcentral.com/1471-2105/10/299},
year={2009}
}

@misc{ENCODE,
      author = {Bradley Bernstein, Broad},
      title = {Experiment summary for ENCSR000ANP},
      year = {2011},
      url = {https://www.encodeproject.org/experiments/ENCSR000ANP}
}





