@inproceedings{Wang2006,
author = {Wang, Y and Zhou, Lizhu and Feng, Jianhua},
booktitle = {International Conference on Data Mining},
title = {{Mining complex time-series data by learning Markovian models}},
url = {http://ieeexplore.ieee.org/xpls/abs\_all.jsp?arnumber=4053167},
year = {2006}
}

@article{Dumont2014,
author = {Dumont, Thierry},
eprint = {1109.0392},
issn = {00189448},
journal = {IEEE Transactions on Information Theory},
pages = {3196--3208},
title = {{Context tree estimation in variable length hidden Markov models}},
volume = {60},
year = {2014}
}

@article{Buhlmann1999,
author = {B\"{u}hlmann, P and Wyner, AJ},
issn = {0090-5364},
journal = {The Annals of Statistics},
month = apr,
number = {2},
pages = {480--513},
title = {{Variable length Markov chains}},
volume = {27},
year = {1999}
}

@article{Rabiner1989,
title={A tutorial on hidden Markov models and selected applications in speech recognition},
author={Rabiner, Lawrence},
journal={Proceedings of the IEEE},
volume={77},
number={2},
pages={257--286},
year={1989},
publisher={IEEE}
}

@article{Johnson2007,
title={Genome-wide mapping of in vivo protein-DNA interactions},
author={Johnson, David S and Mortazavi, Ali and Myers, Richard M and Wold, Barbara},
journal={Science},
volume={316},
number={5830},
pages={1497--1502},
year={2007},
publisher={American Association for the Advancement of Science}
}
